

@article{Khachatryan:2015jna,
      author         = "Khachatryan, Vardan and others",
      title          = "{Pseudorapidity distribution of charged hadrons in
                        proton-proton collisions at $\sqrt{s}$ = 13 TeV}",
      collaboration  = "CMS",
      journal        = "Phys. Lett.",
      volume         = "B751",
      year           = "2015",
      pages          = "143-163",
      doi            = "10.1016/j.physletb.2015.10.004",
      eprint         = "1507.05915",
      archivePrefix  = "arXiv",
      primaryClass   = "hep-ex",
      reportNumber   = "CMS-FSQ-15-001, CERN-PH-EP-2015-180",
      SLACcitation   = "%%CITATION = ARXIV:1507.05915;%%"
}

@article{Aad:2012pw,
      author         = "Aad, Georges and others",
      title          = "{Rapidity gap cross sections measured with the ATLAS
                        detector in $pp$ collisions at $\sqrt{s}=7$ TeV}",
      collaboration  = "ATLAS",
      journal        = "Eur. Phys. J.",
      volume         = "C72",
      year           = "2012",
      pages          = "1926",
      doi            = "10.1140/epjc/s10052-012-1926-0",
      eprint         = "1201.2808",
      archivePrefix  = "arXiv",
      primaryClass   = "hep-ex",
      reportNumber   = "CERN-PH-EP-2011-220",
      SLACcitation   = "%%CITATION = ARXIV:1201.2808;%%"
}

@article{Aad:2011qe,
      author         = "Aad, Georges and others",
      title          = "{Measurements of underlying-event properties using
                        neutral and charged particles in $pp$ collisions at 900
                        GeV and 7 TeV with the ATLAS detector at the LHC}",
      collaboration  = "ATLAS",
      journal        = "Eur. Phys. J.",
      volume         = "C71",
      year           = "2011",
      pages          = "1636",
      doi            = "10.1140/epjc/s10052-011-1636-z",
      eprint         = "1103.1816",
      archivePrefix  = "arXiv",
      primaryClass   = "hep-ex",
      SLACcitation   = "%%CITATION = ARXIV:1103.1816;%%"
}

@article{Aad:2010ac,
      author         = "Aad, G. and others",
      title          = "{Charged-particle multiplicities in pp interactions
                        measured with the ATLAS detector at the LHC}",
      collaboration  = "ATLAS",
      journal        = "New J. Phys.",
      volume         = "13",
      year           = "2011",
      pages          = "053033",
      doi            = "10.1088/1367-2630/13/5/053033",
      eprint         = "1012.5104",
      archivePrefix  = "arXiv",
      primaryClass   = "hep-ex",
      reportNumber   = "CERN-PH-EP-2010-079",
      SLACcitation   = "%%CITATION = ARXIV:1012.5104;%%"
}

@article{Buckley:2010ar,
      author         = "Buckley, Andy and Butterworth, Jonathan and Lonnblad,
                        Leif and Grellscheid, David and Hoeth, Hendrik and Monk,
                        James and Schulz, Holger and Siegert, Frank",
      title          = "{Rivet user manual}",
      journal        = "Comput. Phys. Commun.",
      volume         = "184",
      year           = "2013",
      pages          = "2803-2819",
      doi            = "10.1016/j.cpc.2013.05.021",
      eprint         = "1003.0694",
      archivePrefix  = "arXiv",
      primaryClass   = "hep-ph",
      reportNumber   = "MCNET-10-03",
      SLACcitation   = "%%CITATION = ARXIV:1003.0694;%%"
}
@article{Buckley:2009bj,
      author         = "Buckley, Andy and Hoeth, Hendrik and Lacker, Heiko and
                        Schulz, Holger and von Seggern, Jan Eike",
      title          = "{Systematic event generator tuning for the LHC}",
      journal        = "Eur. Phys. J.",
      volume         = "C65",
      year           = "2010",
      pages          = "331-357",
      doi            = "10.1140/epjc/s10052-009-1196-7",
      eprint         = "0907.2973",
      archivePrefix  = "arXiv",
      primaryClass   = "hep-ph",
      reportNumber   = "IPPP-09-52, DCPT-104-22, LU-TP-09-18, HU-EP-09-33,
                        MCNET-09-14",
      SLACcitation   = "%%CITATION = ARXIV:0907.2973;%%"
}
@article{Gleisberg:2008ta,
      author         = "Gleisberg, T. and Hoeche, Stefan. and Krauss, F. and
                        Schonherr, M. and Schumann, S. and Siegert, F. and Winter,
                        J.",
      title          = "{Event generation with SHERPA 1.1}",
      journal        = "JHEP",
      volume         = "02",
      year           = "2009",
      pages          = "007",
      doi            = "10.1088/1126-6708/2009/02/007",
      eprint         = "0811.4622",
      archivePrefix  = "arXiv",
      primaryClass   = "hep-ph",
      reportNumber   = "FERMILAB-PUB-08-477-T, SLAC-PUB-13420, ZU-TH-17-08,
                        DCPT-08-138, IPPP-08-69, EDINBURGH-2008-30, MCNET-08-14",
      SLACcitation   = "%%CITATION = ARXIV:0811.4622;%%"
}

@article{Ryskin:2009tj,
      author         = "Ryskin, M. G. and Martin, A. D. and Khoze, V. A.",
      title          = "{Soft processes at the LHC. I. Multi-component model}",
      journal        = "Eur. Phys. J.",
      volume         = "C60",
      year           = "2009",
      pages          = "249-264",
      doi            = "10.1140/epjc/s10052-009-0889-2",
      eprint         = "0812.2407",
      archivePrefix  = "arXiv",
      primaryClass   = "hep-ph",
      reportNumber   = "IPPP-08-92, DCPT-08-184",
      SLACcitation   = "%%CITATION = ARXIV:0812.2407;%%"
}

@Article{Sjostrand:1986ep,
     author    = "Sjostrand, Torbjorn and van Zijl, Maria",
     title     = "Multiple parton-parton interactions in an impact parameter
                  picture",
     journal   = "Phys. Lett.",
     volume    = "B188",
     year      = "1987",
     pages     = "149",
     SLACcitation  = "%%CITATION = PHLTA,B188,149;%%"
}

@Article{Akesson:1986iv,
     author    = "Akesson, T. and others",
     collaboration = "Axial Field Spectrometer collaboration",
     title     = "{Double parton scattering in $pp$ collisions at $\sqrt s =
                  63$~GeV}",
     journal   = "Z. Phys.",
     volume    = "C34",
     year      = "1987",
     pages     = "163",
     doi       = "10.1007/BF01566757",
     SLACcitation  = "%%CITATION = ZEPYA,C34,163;%%"
}
@Article{Abe:1993rv,
     author    = "Abe, F. and others",
 collaboration = "CDF collaboration",
     title     = "{Study of four jet events and evidence for double parton
                  interactions in $p\bar{p}$ collisions at $\sqrt{s} = 1.8$
                  TeV}",
     journal   = "Phys. Rev.",
     volume    = "D47",
     year      = "1993",
     pages     = "4857-4871",
     doi       = "10.1103/PhysRevD.47.4857",
     SLACcitation  = "%%CITATION = PHRVA,D47,4857;%%"
}
@article{Abe:1997xk,
      author         = "Abe, F. and others",
      title          = "{Double parton scattering in $\bar{p}p$ collisions at
                        $\sqrt{s} = 1.8 $TeV}",
      collaboration  = "CDF collaboration",
      journal        = "Phys.Rev.",
      volume         = "D56",
      pages          = "3811-3832",
      doi            = "10.1103/PhysRevD.56.3811",
      year           = "1997",
      reportNumber   = "FERMILAB-PUB-97-094-E, FERMILAB-PUB-98-173-EZB",
      SLACcitation   = "%%CITATION = PHRVA,D56,3811;%%",
}
@article{Abazov:2009gc,
      author         = "Abazov, V.M. and others",
      title          = "{Double parton interactions in $\gamma + $~3~jet events in $p
                        \bar p$  collisions $\sqrt{s}=1.96$ TeV}",
      collaboration  = "D0 collaboration",
      journal        = "Phys.Rev.",
      volume         = "D81",
      pages          = "052012",
      doi            = "10.1103/PhysRevD.81.052012",
      year           = "2010",
      eprint         = "0912.5104",
      archivePrefix  = "arXiv",
      primaryClass   = "hep-ex",
      reportNumber   = "FERMILAB-PUB-09-644-E",
      SLACcitation   = "%%CITATION = ARXIV:0912.5104;%%",
}
@article{Treleani:2007gi,
      author         = "Treleani, D.",
      title          = "{Double parton scattering, diffraction and effective
                        cross section}",
      journal        = "Phys.Rev.",
      volume         = "D76",
      pages          = "076006",
      doi            = "10.1103/PhysRevD.76.076006",
      year           = "2007",
      eprint         = "0708.2603",
      archivePrefix  = "arXiv",
      primaryClass   = "hep-ph",
      SLACcitation   = "%%CITATION = ARXIV:0708.2603;%%",
}
@article{Aaij:2011yc,
      author         = "Aaij, R. and others",
      title          = "{Observation of $J/\psi$ pair production in $pp$
                        collisions at $\sqrt{s}=7 TeV$}",
      collaboration  = "LHCb collaboration",
      journal        = "Phys.Lett.",
      volume         = "B707",
      pages          = "52-59",
      doi            = "10.1016/j.physletb.2011.12.015",
      year           = "2012",
      eprint         = "1109.0963",
      archivePrefix  = "arXiv",
      primaryClass   = "hep-ex",
      reportNumber   = "LHCB-PAPER-2011-013, CERN-PH-EP-2011-135",
      SLACcitation   = "%%CITATION = ARXIV:1109.0963;%%",
}
@article{Aaij:2012dz,
      author         = "Aaij, R. and others",
      title          = "{Observation of double charm production involving open
                        charm in pp collisions at $\sqrt{s}$=7 TeV}",
      collaboration  = "LHCb collaboration",
      journal        = "JHEP",
      volume         = "1206",
      pages          = "141",
      doi            = "10.1007/JHEP06(2012)141",
      year           = "2012",
      eprint         = "1205.0975",
      archivePrefix  = "arXiv",
      primaryClass   = "hep-ex",
      reportNumber   = "CERN-PH-2012-109, LHCB-PAPER-2012-003",
      SLACcitation   = "%%CITATION = ARXIV:1205.0975;%%",
}
@article{Kiselev:1988mc,
      author         = "Kiselev, V.V. and Likhoded, A.K. and Slabospitsky, S.R.
                        and Tkabladze, A.V.",
      title          = "{Hadronic production of $\psi$ particle with large $M(\psi \psi$)}",
      journal        = "Yad.Fiz.",
      volume         = "49",
      pages          = "1681-1688",
      year           = "1989",
      reportNumber   = "IFVE-88-129",
      SLACcitation   = "%%CITATION = YAFIA,49,1681;%%",
}
@article{Qiao:2009kg,
      author         = "Qiao, Cong-Feng and Sun, Li-Ping and Sun, Peng",
      title          = "{Testing charmonium production mechanism via polarized
                        $J/\psi$ pair production at the LHC}",
      journal        = "J.Phys.",
      volume         = "G37",
      pages          = "075019",
      doi            = "10.1088/0954-3899/37/7/075019",
      year           = "2010",
      eprint         = "0903.0954",
      archivePrefix  = "arXiv",
      primaryClass   = "hep-ph",
      SLACcitation   = "%%CITATION = ARXIV:0903.0954;%%",
}
@article{Novoselov:2011ff,
      author         = "Novoselov, Alexey",
      title          = "{Double parton scattering as a source of quarkonia pairs
                        in LHCb}",
      year           = "2011",
      eprint         = "1106.2184",
      archivePrefix  = "arXiv",
      primaryClass   = "hep-ph",
      SLACcitation   = "%%CITATION = ARXIV:1106.2184;%%",
}
@article{Berezhnoy:1998aa,
      author         = "Berezhnoy, A.V. and Kiselev, V.V. and Likhoded, A.K. and
                        Onishchenko, A.I.",
      title          = "{Doubly charmed baryon production in hadronic
                        experiments}",
      journal        = "Phys.Rev.",
      volume         = "D57",
      pages          = "4385-4392",
      doi            = "10.1103/PhysRevD.57.4385",
      year           = "1998",
      eprint         = "hep-ph/9710339",
      archivePrefix  = "arXiv",
      primaryClass   = "hep-ph",
      reportNumber   = "IFVE-97-37, IHEP-97-37",
      SLACcitation   = "%%CITATION = HEP-PH/9710339;%%",
}

@article{ZjetLHCb, 
author =  "LHCb collaboration", 
title = "{Measurement of jet production in Z$/\gamma^* \to \mu^+ \mu^-$ events at LHCb in $\sqrt{s}=7$ TeV pp collisions}", 
Journal ="LHCb-CONF-2012-016",
}

@article{Gieseke:2011xy,
      author         = "Gieseke, S. and R{\"o}hr, C.A. and Si\'odmok, A.",
      title          = "{Multiple Partonic Interaction Developments in Herwig++}",
      year           = "2011",
      eprint         = "1110.2675",
      archivePrefix  = "arXiv",
      primaryClass   = "hep-ph",
      reportNumber   = "KA-TP-29-2011, MCNET-11-25",
      SLACcitation   = "%%CITATION = ARXIV:1110.2675;%%",
}
@article{Strikman:2011cx,
      author         = "Strikman, Mark",
      title          = "{Transverse Nucleon Structure and Multiparton
                        Interactions}",
      journal        = "Acta Phys.Polon.",
      volume         = "B42",
      pages          = "2607-2630",
      doi            = "10.5506/APhysPolB.42.2607",
      year           = "2011",
      eprint         = "1112.3834",
      archivePrefix  = "arXiv",
      primaryClass   = "hep-ph",
      SLACcitation   = "%%CITATION = ARXIV:1112.3834;%%",
}
@article{Frankfurt:2010ea,
      author         = "Frankfurt, L. and Strikman, M. and Weiss, C.",
      title          = "{Transverse nucleon structure and diagnostics of hard
                        parton-parton processes at LHC}",
      journal        = "Phys.Rev.",
      volume         = "D83",
      pages          = "054012",
      doi            = "10.1103/PhysRevD.83.054012",
      year           = "2011",
      eprint         = "1009.2559",
      archivePrefix  = "arXiv",
      primaryClass   = "hep-ph",
      reportNumber   = "JLAB-THY-10-1228",
      SLACcitation   = "%%CITATION = ARXIV:1009.2559;%%",
}

@article{Corke:2011yy,
      author         = "Corke, Richard and Sjostrand, Torbjorn",
      title          = "{Multiparton Interactions with an x-dependent Proton
                        Size}",
      journal        = "JHEP",
      volume         = "1105",
      pages          = "009",
      doi            = "10.1007/JHEP05(2011)009",
      year           = "2011",
      eprint         = "1101.5953",
      archivePrefix  = "arXiv",
      primaryClass   = "hep-ph",
      reportNumber   = "LU-TP-11-06, MCNET-11-03",
      SLACcitation   = "%%CITATION = ARXIV:1101.5953;%%",
}

@article{dEnterria:2013ck,
      author         = "d'Enterria, David and Snigirev, Alexander M.",
      title          = "{Enhanced J/Psi production from double parton scatterings in nucleus-nucleus collisions at the Large Hadron Collider}",
      year           = "2013",
      eprint         = "1301.5845",
      archivePrefix  = "arXiv",
      primaryClass   = "hep-ph",
      SLACcitation   = "%%CITATION = ARXIV:1301.5845;%%",     
}
@article{Gaunt:2010pi,
      author         = "Gaunt, Jonathan R. and Kom, Chun-Hay and Kulesza, Anna
                        and Stirling, W. James",
      title          = "{Same-sign W pair production as a probe of double parton
                        scattering at the LHC}",
      journal        = "Eur.Phys.J.",
      volume         = "C69",
      pages          = "53-65",
      doi            = "10.1140/epjc/s10052-010-1362-y",
      year           = "2010",
      eprint         = "1003.3953",
      archivePrefix  = "arXiv",
      primaryClass   = "hep-ph",
      reportNumber   = "CAVENDISH-HEP-2010-03, TTK-10-26",
      SLACcitation   = "%%CITATION = ARXIV:1003.3953;%%",
}

@article{Bahr:2013gkj,
      author         = "{B\"ahr}, Manuel and Myska, Miroslav and Seymour, Michael H.
                        and Siodmok, Andrzej",
      title          = "{Extracting $\sigma_{eff}$ from the CDF $\gamma+3$ jets
                        measurement}",
      journal        = "JHEP",
      volume         = "1303",
      pages          = "129",
      doi            = "10.1007/JHEP03(2013)129",
      year           = "2013",
      eprint         = "1302.4325",
      archivePrefix  = "arXiv",
      primaryClass   = "hep-ph",
      reportNumber   = "MAN-HEP-2013-02, MCNET-13-01",
      SLACcitation   = "%%CITATION = ARXIV:1302.4325;%%",
}
@article{Aaij:1333554,
      author         = "Aaij, R. and others",
      collaboration  = "LHCb collaboration",
      title        = "Measurement of $J/ \psi$ production in $pp$ collisions at
                      $\sqrt{s}$ = 7 TeV",
      journal      = "Eur. Phys. J. C",
      volume       = "71",
      pages        = "1645.",
      year         ="2011"
     }
@article{ATLAS,
      author         = "Aad, Georges and others",
      title          = "{Measurement of hard double-parton interactions in W+ 2 jet events at sqrt(s)=7 TeV with the ATLAS detector}",
      collaboration  = "ATLAS Collaboration",
      journal        = "New J.Phys.",
      volume         = "15",
      pages          = "033038",
      doi            = "10.1088/1367-2630/15/3/033038",
      year           = "2013",
      eprint         = "1301.6872",
      archivePrefix  = "arXiv",
      primaryClass   = "hep-ex",
      reportNumber   = "CERN-PH-EP-2012-355",
      SLACcitation   = "%%CITATION = ARXIV:1301.6872;%%",
}

@article{Maina:2009sj,
      author         = "Maina, Ezio",
      title          = "{Multiple Parton Interactions in Z+4j, W+- W+- + 0/2j and
                        W+ W- + 2j production at the LHC}",
      journal        = "JHEP",
      volume         = "0909",
      pages          = "081",
      doi            = "10.1088/1126-6708/2009/09/081",
      year           = "2009",
      eprint         = "0909.1586",
      archivePrefix  = "arXiv",
      primaryClass   = "hep-ph",
      reportNumber   = "DFTT-45-2009",
      SLACcitation   = "%%CITATION = ARXIV:0909.1586;%%",
}
@article{Blok:2011bu,
      author         = "Blok, B. and Dokshitser, Yu. and Frankfurt, L. and
                        Strikman, M.",
      title          = "{pQCD physics of multiparton interactions}",
      journal        = "Eur.Phys.J.",
      volume         = "C72",
      pages          = "1963",
      doi            = "10.1140/epjc/s10052-012-1963-8",
      year           = "2012",
      eprint         = "1106.5533",
      archivePrefix  = "arXiv",
      primaryClass   = "hep-ph",
      SLACcitation   = "%%CITATION = ARXIV:1106.5533;%%",
}
@article{Blok:2012mw,
      author         = "Blok, B. and Dokshitzer, Yu. and Frankfurt, L. and
                        Strikman, M.",
      title          = "{Origins of Parton Correlations in Nucleon and
                        Multi-Parton Collisions}",
      year           = "2012",
      eprint         = "1206.5594",
      archivePrefix  = "arXiv",
      primaryClass   = "hep-ph",
      SLACcitation   = "%%CITATION = ARXIV:1206.5594;%%",
}
@article{Ryskin:2011kk,
      author         = "Ryskin, M.G. and Snigirev, A.M.",
      title          = "{A Fresh look at double parton scattering}",
      journal        = "Phys.Rev.",
      volume         = "D83",
      pages          = "114047",
      doi            = "10.1103/PhysRevD.83.114047",
      year           = "2011",
      eprint         = "1103.3495",
      archivePrefix  = "arXiv",
      primaryClass   = "hep-ph",
      SLACcitation   = "%%CITATION = ARXIV:1103.3495;%%",
}
@article{Ryskin:2012qx,
      author         = "Ryskin, M.G. and Snigirev, A.M.",
      title          = "{Double parton scattering in double logarithm
                        approximation of perturbative QCD}",
      journal        = "Phys.Rev.",
      volume         = "D86",
      pages          = "014018",
      doi            = "10.1103/PhysRevD.86.014018",
      year           = "2012",
      eprint         = "1203.2330",
      archivePrefix  = "arXiv",
      primaryClass   = "hep-ph",
      SLACcitation   = "%%CITATION = ARXIV:1203.2330;%%",
}
@article{Berger:2011ep,
      author         = "Berger, Edmond L. and Jackson, C.B. and Quackenbush, Seth
                        and Shaughnessy, Gabe",
      title          = "{Calculation of W b bbar Production via Double Parton
                        Scattering at the LHC}",
      journal        = "Phys.Rev.",
      volume         = "D84",
      pages          = "074021",
      doi            = "10.1103/PhysRevD.84.074021",
      year           = "2011",
      eprint         = "1107.3150",
      archivePrefix  = "arXiv",
      primaryClass   = "hep-ph",
      reportNumber   = "PREPRINT-NOS:-ANL-HEP-PR-11-45, NSF-KITP-11-125",
      SLACcitation   = "%%CITATION = ARXIV:1107.3150;%%",
}
@article{Berger:2009cm,
      author         = "Berger, Edmond L. and Jackson, C.B. and Shaughnessy,
                        Gabe",
      title          = "{Characteristics and Estimates of Double Parton
                        Scattering at the Large Hadron Collider}",
      journal        = "Phys.Rev.",
      volume         = "D81",
      pages          = "014014",
      doi            = "10.1103/PhysRevD.81.014014",
      year           = "2010",
      eprint         = "0911.5348",
      archivePrefix  = "arXiv",
      primaryClass   = "hep-ph",
      reportNumber   = "ANL-HEP-PR-09-109, NU-HEP-TH-09-14",
      SLACcitation   = "%%CITATION = ARXIV:0911.5348;%%",
}
@article{Blok:2012jr,
      author         = "Blok, Boris and Strikman, Mark and Wiedemann, Urs Achim",
      title          = "{Hard four-jet production in pA collisions}",
      year           = "2012",
      eprint         = "1210.1477",
      archivePrefix  = "arXiv",
      primaryClass   = "hep-ph",
      reportNumber   = "CERN-PH-TH-2012-253",
      SLACcitation   = "%%CITATION = ARXIV:1210.1477;%%",
}
@article{LMS2012,
      author         = "Luszczak, Marta and Maciula, Rafal and Szczurek, Antoni",
      title          = "{Production of two $c \bar c$ pairs in double-parton
                        scattering}",
      journal        = "Phys.Rev.",
      volume         = "D85",
      pages          = "094034",
      doi            = "10.1103/PhysRevD.85.094034",
      year           = "2012",
      eprint         = "1111.3255",
      archivePrefix  = "arXiv",
      primaryClass   = "hep-ph",
      SLACcitation   = "%%CITATION = ARXIV:1111.3255;%%",
}
@article{Stirling1,
      author         = "Kom, C.H. and Kulesza, A. and Stirling, W.J.",
      title          = "{Pair Production of J/psi as a Probe of Double Parton
                        Scattering at LHCb}",
      journal        = "Phys.Rev.Lett.",
      volume         = "107",
      pages          = "082002",
      doi            = "10.1103/PhysRevLett.107.082002",
      year           = "2011",
      eprint         = "1105.4186",
      archivePrefix  = "arXiv",
      primaryClass   = "hep-ph",
      reportNumber   = "CAVENDISH-HEP-2011-07, TTK-11-16",
      SLACcitation   = "%%CITATION = ARXIV:1105.4186;%%",
}
@article{SS2012,
      author         = "Schafer, Wolfgang and Szczurek, Antoni",
      title          = "{Production of two $c \bar c$ pairs in gluon-gluon
                        scattering in high energy proton-proton collisions}",
      journal        = "Phys.Rev.",
      volume         = "D85",
      pages          = "094029",
      doi            = "10.1103/PhysRevD.85.094029",
      year           = "2012",
      eprint         = "1203.4129",
      archivePrefix  = "arXiv",
      primaryClass   = "hep-ph",
      SLACcitation   = "%%CITATION = ARXIV:1203.4129;%%",
}
@article{LHCb,
      author         = "collaboration, LHCb and others",
      title          = "{Observation of double charm production involving open
                        charm in pp collisions at $\sqrt{s}$=7 TeV}",
      collaboration  = "LHCb Collaboration",
      journal        = "JHEP",
      volume         = "1206",
      pages          = "141",
      doi            = "10.1007/JHEP06(2012)141",
      year           = "2012",
      eprint         = "1205.0975",
      archivePrefix  = "arXiv",
      primaryClass   = "hep-ex",
      reportNumber   = "CERN-PH-2012-109, LHCB-PAPER-2012-003",
      SLACcitation   = "%%CITATION = ARXIV:1205.0975;%%",
}
@article{BaranovJJ,
      author         = "Baranov, S.P.",
      title          = "{Pair production of $J/\psi$ mesons in the
                        $k_t$-factorization approach}",
      journal        = "Phys.Rev.",
      volume         = "D84",
      pages          = "054012",
      doi            = "10.1103/PhysRevD.84.054012",
      year           = "2011",
      SLACcitation   = "%%CITATION = PHRVA,D84,054012;%%",
}

@article{Manohar:2012pe,
	Author = {Manohar, Aneesh V. and Waalewijn, Wouter J.},
	Journal = {Phys.Lett.},
	Pages = {196-201},
	Title = {{What is Double Parton Scattering?}},
	Volume = {B713},
	Year = {2012}}
@article{Abelev:2012rz,
      author         = "Abelev, B. and others",
      title          = "{$J/\psi$ Production as a Function of Charged Particle
                        Multiplicity in $pp$ Collisions at $\sqrt{s} = 7$ TeV}",
      collaboration  = "ALICE Collaboration",
      journal        = "Phys.Lett.",
      volume         = "B712",
      pages          = "165-175",
      doi            = "10.1016/j.physletb.2012.04.052",
      year           = "2012",
      eprint         = "1202.2816",
      archivePrefix  = "arXiv",
      primaryClass   = "hep-ex",
      SLACcitation   = "%%CITATION = ARXIV:1202.2816;%%",
}
@article{Drescher:2000ha,
      author         = "Drescher, H.J. and Hladik, M. and Ostapchenko, S. and
                        Pierog, T. and Werner, K.",
      title          = "{Parton based Gribov-Regge theory}",
      journal        = "Phys.Rept.",
      volume         = "350",
      pages          = "93-289",
      doi            = "10.1016/S0370-1573(00)00122-8",
      year           = "2001",
      eprint         = "hep-ph/0007198",
      archivePrefix  = "arXiv",
      primaryClass   = "hep-ph",
      reportNumber   = "SUBATECH-00-06",
      SLACcitation   = "%%CITATION = HEP-PH/0007198;%%",
}
@article{Werner:2010aa,
      author         = "Werner, K. and Karpenko, Iu. and Pierog, T. and Bleicher,
                        M. and Mikhailov, K.",
      title          = "{Event-by-Event Simulation of the Three-Dimensional
                        Hydrodynamic Evolution from Flux Tube Initial Conditions
                        in Ultrarelativistic Heavy Ion Collisions}",
      journal        = "Phys.Rev.",
      volume         = "C82",
      pages          = "044904",
      doi            = "10.1103/PhysRevC.82.044904",
      year           = "2010",
      eprint         = "1004.0805",
      archivePrefix  = "arXiv",
      primaryClass   = "nucl-th",
      SLACcitation   = "%%CITATION = ARXIV:1004.0805;%%",
}
@article{Aad:2013bjm,
      author         = "Aad, Georges and others",
      title          = "{Measurement of hard double-parton interactions in
                        $ W+ 2$  jet events at $\sqrt(s)=7$ TeV with the ATLAS
                        detector}",
      collaboration  = "ATLAS Collaboration",
      journal        = "New J.Phys.",
      volume         = "15",
      pages          = "033038",
      doi            = "10.1088/1367-2630/15/3/033038",
      year           = "2013",
      eprint         = "1301.6872",
      archivePrefix  = "arXiv",
      primaryClass   = "hep-ex",
      reportNumber   = "CERN-PH-EP-2012-355",
      SLACcitation   = "%%CITATION = ARXIV:1301.6872;%%",
}
@article{Maciula:2013kd,
      author         = "Maciula, Rafal and Szczurek, Antoni",
      title          = "{Production of $c \bar c c \bar c$ in double-parton
                        scattering within $k_{t}$-factorization approach --
                        meson-meson correlations}",
      doi            = "10.1103/PhysRevD.87.074039",
      year           = "2013",
      eprint         = "1301.4469",
      archivePrefix  = "arXiv",
      primaryClass   = "hep-ph",
      SLACcitation   = "%%CITATION = ARXIV:1301.4469;%%",
}


@misc{mpilhc2012,
	Date-Added = {2013-05-28 14:13:49 +0000},
	Date-Modified = {2013-05-28 14:19:39 +0000},
	Howpublished = {\\
	\small \mbox{https://indico.cern.ch/conferenceOtherViews.py?view=standard\&confId=184925}},
	Title = {MPI@LHC 2012}}

@article{Bahr:2008uq,
	Abstract = {In this paper we describe Herwig++ version 2.3, a general-purpose Monte Carlo event generator for the simulation of hard lepton-lepton, lepton-hadron and hadron-hadron collisions. A number of important hard scattering processes are available, together with an interface via the Les Houches Accord to specialized matrix element generators for additional processes. The simulation of Beyond the Standard Model (BSM) physics includes a range of models and allows new models to be added by encoding the Feynman rules of the model. The parton-shower approach is used to simulate initial- and final-state QCD radiation, including colour coherence effects, with special emphasis on the correct description of radiation from heavy particles. The underlying event is simulated using an eikonal multiple parton-parton scattering model. The formation of hadrons from the quarks and gluons produced in the parton shower is described using the cluster hadronization model. Hadron decays are simulated using matrix elements, where possible including spin correlations and off-shell effects.},
	Author = {M. Bahr and S. Gieseke and M. A. Gigg and D. Grellscheid and K. Hamilton and O. Latunde-Dada and S. Platzer and P. Richardson and M. H. Seymour and A. Sherstnev and J. Tully and B. R. Webber},
	Date-Added = {2013-06-09 08:06:54 +0000},
	Date-Modified = {2013-06-09 08:06:54 +0000},
	Eprint = {0803.0883},
	Month = {03},
	Title = {Herwig++ Physics and Manual},
	Url = {http://arxiv.org/abs/0803.0883},
	Year = {2008},
	Bdsk-Url-1 = {http://arxiv.org/abs/0803.0883},
	Bdsk-File-1 = {YnBsaXN0MDDUAQIDBAUGJCVYJHZlcnNpb25YJG9iamVjdHNZJGFyY2hpdmVyVCR0b3ASAAGGoKgHCBMUFRYaIVUkbnVsbNMJCgsMDRBWJGNsYXNzV05TLmtleXNaTlMub2JqZWN0c4AHog4PgAKAA6IREoAEgAVccmVsYXRpdmVQYXRoWWFsaWFzRGF0YV8QIy4uL0RvY3VtZW50cy9QYXBlcnMvMDgwMy4wODgzdjMucGRm0gkXGBlXTlMuZGF0YYAGTxEBjgAAAAABjgACAAAMTWFjaW50b3NoIEhEAAAAAAAAAAAAAAAAAAAAzAavFEgrAAAADgh7DzA4MDMuMDg4M3YzLnBkZgAAAAAAAAAAAAAAAAAAAAAAAAAAAAAAAAAAAAAAAAAAAAAAAAAAAAAAAAAAAAAAAAINZtbN2gRIAAAAAAAAAAAAAQADAAAJIAAAAAAAAAAAAAAAAAAAAAZQYXBlcnMAEAAIAADMBpL0AAAAEQAIAADN2egoAAAAAQAQAA4IewAOA4oACmNwAAC5UwACADxNYWNpbnRvc2ggSEQ6VXNlcnM6AGp1bmc6AERvY3VtZW50czoAUGFwZXJzOgAwODAzLjA4ODN2My5wZGYADgAgAA8AMAA4ADAAMwAuADAAOAA4ADMAdgAzAC4AcABkAGYADwAaAAwATQBhAGMAaQBuAHQAbwBzAGgAIABIAEQAEgArVXNlcnMvanVuZy9Eb2N1bWVudHMvUGFwZXJzLzA4MDMuMDg4M3YzLnBkZgAAEwABLwAAFQACAAv//wAA0hscHR5aJGNsYXNzbmFtZVgkY2xhc3Nlc11OU011dGFibGVEYXRhox0fIFZOU0RhdGFYTlNPYmplY3TSGxwiI1xOU0RpY3Rpb25hcnmiIiBfEA9OU0tleWVkQXJjaGl2ZXLRJidUcm9vdIABAAgAEQAaACMALQAyADcAQABGAE0AVABcAGcAaQBsAG4AcABzAHUAdwCEAI4AtAC5AMEAwwJVAloCZQJuAnwCgAKHApAClQKiAqUCtwK6Ar8AAAAAAAACAQAAAAAAAAAoAAAAAAAAAAAAAAAAAAACwQ==}}

@article{Arnold:2012fk,
	Abstract = {A new release of the Monte Carlo event generator Herwig++ (version 2.6) is now available. This version comes with a number of improvements including: a new structure for the implementation of next-to-leading order matrix elements; an improved treatment of wide-angle gluon radiation; new hard-coded next-to-leading order matrix elements for deep inelastic scattering and weak vector boson fusion; additional models of physics beyond the Standard Model, including the production of colour sextet particles; a statistical colour reconnection model; automated energy scaling of underlying-event tunes.},
	Author = {K. Arnold and L. d'Errico and S. Gieseke and D. Grellscheid and K. Hamilton and A. Papaefstathiou and S. Platzer and P. Richardson and C. Rohr and A. Schofield and A. Siodmok and M. Stoll and D. Winn},
	Date-Added = {2013-06-09 08:05:35 +0000},
	Date-Modified = {2013-06-09 08:05:35 +0000},
	Eprint = {1205.4902},
	Month = {05},
	Title = {Herwig++ 2.6 Release Note},
	Url = {http://arxiv.org/abs/1205.4902},
	Year = {2012},
	Bdsk-Url-1 = {http://arxiv.org/abs/1205.4902},
	Bdsk-File-1 = {YnBsaXN0MDDUAQIDBAUGJCVYJHZlcnNpb25YJG9iamVjdHNZJGFyY2hpdmVyVCR0b3ASAAGGoKgHCBMUFRYaIVUkbnVsbNMJCgsMDRBWJGNsYXNzV05TLmtleXNaTlMub2JqZWN0c4AHog4PgAKAA6IREoAEgAVccmVsYXRpdmVQYXRoWWFsaWFzRGF0YV8QIy4uL0RvY3VtZW50cy9QYXBlcnMvMTIwNS40OTAydjEucGRm0gkXGBlXTlMuZGF0YYAGTxEBjgAAAAABjgACAAAMTWFjaW50b3NoIEhEAAAAAAAAAAAAAAAAAAAAzAavFEgrAAAADgh7DzEyMDUuNDkwMnYxLnBkZgAAAAAAAAAAAAAAAAAAAAAAAAAAAAAAAAAAAAAAAAAAAAAAAAAAAAAAAAAAAAAAAAINZoXN2gQCAAAAAAAAAAAAAQADAAAJIAAAAAAAAAAAAAAAAAAAAAZQYXBlcnMAEAAIAADMBpL0AAAAEQAIAADN2efiAAAAAQAQAA4IewAOA4oACmNwAAC5UwACADxNYWNpbnRvc2ggSEQ6VXNlcnM6AGp1bmc6AERvY3VtZW50czoAUGFwZXJzOgAxMjA1LjQ5MDJ2MS5wZGYADgAgAA8AMQAyADAANQAuADQAOQAwADIAdgAxAC4AcABkAGYADwAaAAwATQBhAGMAaQBuAHQAbwBzAGgAIABIAEQAEgArVXNlcnMvanVuZy9Eb2N1bWVudHMvUGFwZXJzLzEyMDUuNDkwMnYxLnBkZgAAEwABLwAAFQACAAv//wAA0hscHR5aJGNsYXNzbmFtZVgkY2xhc3Nlc11OU011dGFibGVEYXRhox0fIFZOU0RhdGFYTlNPYmplY3TSGxwiI1xOU0RpY3Rpb25hcnmiIiBfEA9OU0tleWVkQXJjaGl2ZXLRJidUcm9vdIABAAgAEQAaACMALQAyADcAQABGAE0AVABcAGcAaQBsAG4AcABzAHUAdwCEAI4AtAC5AMEAwwJVAloCZQJuAnwCgAKHApAClQKiAqUCtwK6Ar8AAAAAAAACAQAAAAAAAAAoAAAAAAAAAAAAAAAAAAACwQ==}}

@article{Gieseke:2012kx,
	Abstract = {We describe the implementation details of the colour reconnection model in the event generator Herwig++. We study the impact on final-state observables in detail and confirm the model idea from colour preconfinement on the basis of studies within the cluster hadronization model. Moreover, we show that the description of minimum bias and underlying event data at the LHC is improved with this model and present results of a tune to available data.},
	Author = {Stefan Gieseke and Christian R{\"o}hr and Andrzej Si{\'o}dmok},
	Date-Added = {2013-06-09 08:08:21 +0000},
	Date-Modified = {2013-06-09 08:08:21 +0000},
	Eprint = {1206.0041},
	Month = {06},
	Title = {Colour reconnections in Herwig++},
	Url = {http://arxiv.org/abs/1206.0041},
	Year = {2012},
	Bdsk-Url-1 = {http://arxiv.org/abs/1206.0041},
	Bdsk-File-1 = {YnBsaXN0MDDUAQIDBAUGJCVYJHZlcnNpb25YJG9iamVjdHNZJGFyY2hpdmVyVCR0b3ASAAGGoKgHCBMUFRYaIVUkbnVsbNMJCgsMDRBWJGNsYXNzV05TLmtleXNaTlMub2JqZWN0c4AHog4PgAKAA6IREoAEgAVccmVsYXRpdmVQYXRoWWFsaWFzRGF0YV8QIy4uL0RvY3VtZW50cy9QYXBlcnMvMTIwNi4wMDQxdjIucGRm0gkXGBlXTlMuZGF0YYAGTxEBjgAAAAABjgACAAAMTWFjaW50b3NoIEhEAAAAAAAAAAAAAAAAAAAAzAavFEgrAAAADgh7DzEyMDYuMDA0MXYyLnBkZgAAAAAAAAAAAAAAAAAAAAAAAAAAAAAAAAAAAAAAAAAAAAAAAAAAAAAAAAAAAAAAAAINZvnN2gRqAAAAAAAAAAAAAQADAAAJIAAAAAAAAAAAAAAAAAAAAAZQYXBlcnMAEAAIAADMBpL0AAAAEQAIAADN2ehKAAAAAQAQAA4IewAOA4oACmNwAAC5UwACADxNYWNpbnRvc2ggSEQ6VXNlcnM6AGp1bmc6AERvY3VtZW50czoAUGFwZXJzOgAxMjA2LjAwNDF2Mi5wZGYADgAgAA8AMQAyADAANgAuADAAMAA0ADEAdgAyAC4AcABkAGYADwAaAAwATQBhAGMAaQBuAHQAbwBzAGgAIABIAEQAEgArVXNlcnMvanVuZy9Eb2N1bWVudHMvUGFwZXJzLzEyMDYuMDA0MXYyLnBkZgAAEwABLwAAFQACAAv//wAA0hscHR5aJGNsYXNzbmFtZVgkY2xhc3Nlc11OU011dGFibGVEYXRhox0fIFZOU0RhdGFYTlNPYmplY3TSGxwiI1xOU0RpY3Rpb25hcnmiIiBfEA9OU0tleWVkQXJjaGl2ZXLRJidUcm9vdIABAAgAEQAaACMALQAyADcAQABGAE0AVABcAGcAaQBsAG4AcABzAHUAdwCEAI4AtAC5AMEAwwJVAloCZQJuAnwCgAKHApAClQKiAqUCtwK6Ar8AAAAAAAACAQAAAAAAAAAoAAAAAAAAAAAAAAAAAAACwQ==}}

@article{Bahr:2008dy,
	Archiveprefix = {arXiv},
	Author = {Bahr, Manuel and Gieseke, Stefan and Seymour, Michael H.},
	Date-Added = {2013-06-17 12:48:38 +0000},
	Date-Modified = {2013-06-17 12:48:38 +0000},
	Doi = {10.1088/1126-6708/2008/07/076},
	Eprint = {0803.3633},
	Journal = {JHEP},
	Pages = {076},
	Primaryclass = {hep-ph},
	Reportnumber = {CERN-PH-TH-2008-055, KA-TP-08-2008},
	Slaccitation = {%%CITATION = ARXIV:0803.3633;%%},
	Title = {{Simulation of multiple partonic interactions in Herwig++}},
	Volume = {0807},
	Year = {2008},
	Bdsk-Url-1 = {http://dx.doi.org/10.1088/1126-6708/2008/07/076},
	Bdsk-File-1 = {YnBsaXN0MDDUAQIDBAUGJCVYJHZlcnNpb25YJG9iamVjdHNZJGFyY2hpdmVyVCR0b3ASAAGGoKgHCBMUFRYaIVUkbnVsbNMJCgsMDxJXTlMua2V5c1pOUy5vYmplY3RzViRjbGFzc6INDoACgAOiEBGABIAFgAdccmVsYXRpdmVQYXRoWWFsaWFzRGF0YV8QLS4uL0RvY3VtZW50cy9QYXBlcnMvMTEyNi02NzA4XzIwMDhfMDdfMDc2LnBkZtIXCxgZV05TLmRhdGFPEQG2AAAAAAG2AAIAAAxNYWNpbnRvc2ggSEQAAAAAAAAAAAAAAAAAAADMBq8USCsAAAAOCHsZMTEyNi02NzA4XzIwMDhfMDdfMDc2LnBkZgAAAAAAAAAAAAAAAAAAAAAAAAAAAAAAAAAAAAAAAAAAAAAAAAAAAh9a383k0nlQREYgQ0FSTwABAAMAAAkgAAAAAAAAAAAAAAAAAAAABlBhcGVycwAQAAgAAMwGkvQAAAARAAgAAM3ktlkAAAABABAADgh7AA4DigAKY3AAALlTAAIARk1hY2ludG9zaCBIRDpVc2VyczoAanVuZzoARG9jdW1lbnRzOgBQYXBlcnM6ADExMjYtNjcwOF8yMDA4XzA3XzA3Ni5wZGYADgA0ABkAMQAxADIANgAtADYANwAwADgAXwAyADAAMAA4AF8AMAA3AF8AMAA3ADYALgBwAGQAZgAPABoADABNAGEAYwBpAG4AdABvAHMAaAAgAEgARAASADVVc2Vycy9qdW5nL0RvY3VtZW50cy9QYXBlcnMvMTEyNi02NzA4XzIwMDhfMDdfMDc2LnBkZgAAEwABLwAAFQACAAv//wAAgAbSGxwdHlokY2xhc3NuYW1lWCRjbGFzc2VzXU5TTXV0YWJsZURhdGGjHR8gVk5TRGF0YVhOU09iamVjdNIbHCIjXE5TRGljdGlvbmFyeaIiIF8QD05TS2V5ZWRBcmNoaXZlctEmJ1Ryb290gAEACAARABoAIwAtADIANwBAAEYATQBVAGAAZwBqAGwAbgBxAHMAdQB3AIQAjgC+AMMAywKFAocCjAKXAqACrgKyArkCwgLHAtQC1wLpAuwC8QAAAAAAAAIBAAAAAAAAACgAAAAAAAAAAAAAAAAAAALz}}

@article{Butterworth:1996zw,
	Archiveprefix = {arXiv},
	Author = {Butterworth, J.M. and Forshaw, Jeffrey R. and Seymour, M.H.},
	Date-Added = {2013-06-17 12:50:48 +0000},
	Date-Modified = {2013-06-17 12:50:48 +0000},
	Doi = {10.1007/s002880050286},
	Eprint = {hep-ph/9601371},
	Journal = {Z.Phys.},
	Pages = {637-646},
	Primaryclass = {hep-ph},
	Reportnumber = {CERN-TH-96-82, M-C-TH-96-05, UCL-HEP-96-02},
	Slaccitation = {%%CITATION = HEP-PH/9601371;%%},
	Title = {{Multiparton interactions in photoproduction at HERA}},
	Volume = {C72},
	Year = {1996},
	Bdsk-Url-1 = {http://dx.doi.org/10.1007/s002880050286},
	Bdsk-File-1 = {YnBsaXN0MDDUAQIDBAUGJCVYJHZlcnNpb25YJG9iamVjdHNZJGFyY2hpdmVyVCR0b3ASAAGGoKgHCBMUFRYaIVUkbnVsbNMJCgsMDxJXTlMua2V5c1pOUy5vYmplY3RzViRjbGFzc6INDoACgAOiEBGABIAFgAdccmVsYXRpdmVQYXRoWWFsaWFzRGF0YV8QLS4uL0RvY3VtZW50cy9QYXBlcnMvMTAuMTAwNy1zMDAyODgwMDUwMjg2LnBkZtIXCxgZV05TLmRhdGFPEQG2AAAAAAG2AAIAAAxNYWNpbnRvc2ggSEQAAAAAAAAAAAAAAAAAAADMBq8USCsAAAAOCHsZMTAuMTAwNy1zMDAyODgwMDUwMjg2LnBkZgAAAAAAAAAAAAAAAAAAAAAAAAAAAAAAAAAAAAAAAAAAAAAAAAAAAh9bXc3k0ulQREYgQ0FSTwABAAMAAAkgAAAAAAAAAAAAAAAAAAAABlBhcGVycwAQAAgAAMwGkvQAAAARAAgAAM3ktskAAAABABAADgh7AA4DigAKY3AAALlTAAIARk1hY2ludG9zaCBIRDpVc2VyczoAanVuZzoARG9jdW1lbnRzOgBQYXBlcnM6ADEwLjEwMDctczAwMjg4MDA1MDI4Ni5wZGYADgA0ABkAMQAwAC4AMQAwADAANwAtAHMAMAAwADIAOAA4ADAAMAA1ADAAMgA4ADYALgBwAGQAZgAPABoADABNAGEAYwBpAG4AdABvAHMAaAAgAEgARAASADVVc2Vycy9qdW5nL0RvY3VtZW50cy9QYXBlcnMvMTAuMTAwNy1zMDAyODgwMDUwMjg2LnBkZgAAEwABLwAAFQACAAv//wAAgAbSGxwdHlokY2xhc3NuYW1lWCRjbGFzc2VzXU5TTXV0YWJsZURhdGGjHR8gVk5TRGF0YVhOU09iamVjdNIbHCIjXE5TRGljdGlvbmFyeaIiIF8QD05TS2V5ZWRBcmNoaXZlctEmJ1Ryb290gAEACAARABoAIwAtADIANwBAAEYATQBVAGAAZwBqAGwAbgBxAHMAdQB3AIQAjgC+AMMAywKFAocCjAKXAqACrgKyArkCwgLHAtQC1wLpAuwC8QAAAAAAAAIBAAAAAAAAACgAAAAAAAAAAAAAAAAAAALz}}

@article{Bahr:2009ek,
	Archiveprefix = {arXiv},
	Author = {Bahr, Manuel and Butterworth, Jonathan M. and Gieseke, Stefan and Seymour, Michael H.},
	Date-Added = {2013-06-17 12:52:09 +0000},
	Date-Modified = {2013-06-17 12:52:09 +0000},
	Eprint = {0905.4671},
	Pages = {239-248},
	Primaryclass = {hep-ph},
	Reportnumber = {KA-TP-04-2009, MAN-HEP-2009-18, CERN-PH-TH-2009-066, MCNET-09-11, HERWIG-09-05},
	Slaccitation = {%%CITATION = ARXIV:0905.4671;%%},
	Title = {{Soft interactions in Herwig++}},
	Year = {2009},
	Bdsk-File-1 = {YnBsaXN0MDDUAQIDBAUGJCVYJHZlcnNpb25YJG9iamVjdHNZJGFyY2hpdmVyVCR0b3ASAAGGoKgHCBMUFRYaIVUkbnVsbNMJCgsMDxJXTlMua2V5c1pOUy5vYmplY3RzViRjbGFzc6INDoACgAOiEBGABIAFgAdccmVsYXRpdmVQYXRoWWFsaWFzRGF0YV8QIS4uL0RvY3VtZW50cy9QYXBlcnMvMDkwNS40NjcxLnBkZtIXCxgZV05TLmRhdGFPEQGGAAAAAAGGAAIAAAxNYWNpbnRvc2ggSEQAAAAAAAAAAAAAAAAAAADMBq8USCsAAAAOCHsNMDkwNS40NjcxLnBkZgAAAAAAAAAAAAAAAAAAAAAAAAAAAAAAAAAAAAAAAAAAAAAAAAAAAAAAAAAAAAAAAAAAAh9bqs3k0ypQREYgQ0FSTwABAAMAAAkgAAAAAAAAAAAAAAAAAAAABlBhcGVycwAQAAgAAMwGkvQAAAARAAgAAM3ktwoAAAABABAADgh7AA4DigAKY3AAALlTAAIAOk1hY2ludG9zaCBIRDpVc2VyczoAanVuZzoARG9jdW1lbnRzOgBQYXBlcnM6ADA5MDUuNDY3MS5wZGYADgAcAA0AMAA5ADAANQAuADQANgA3ADEALgBwAGQAZgAPABoADABNAGEAYwBpAG4AdABvAHMAaAAgAEgARAASAClVc2Vycy9qdW5nL0RvY3VtZW50cy9QYXBlcnMvMDkwNS40NjcxLnBkZgAAEwABLwAAFQACAAv//wAAgAbSGxwdHlokY2xhc3NuYW1lWCRjbGFzc2VzXU5TTXV0YWJsZURhdGGjHR8gVk5TRGF0YVhOU09iamVjdNIbHCIjXE5TRGljdGlvbmFyeaIiIF8QD05TS2V5ZWRBcmNoaXZlctEmJ1Ryb290gAEACAARABoAIwAtADIANwBAAEYATQBVAGAAZwBqAGwAbgBxAHMAdQB3AIQAjgCyALcAvwJJAksCUAJbAmQCcgJ2An0ChgKLApgCmwKtArACtQAAAAAAAAIBAAAAAAAAACgAAAAAAAAAAAAAAAAAAAK3}}

@article{Bahr:2008pv,
	Archiveprefix = {arXiv},
	Author = {Bahr, M. and Gieseke, S. and Gigg, M.A. and Grellscheid, D. and Hamilton, K. and others},
	Date-Added = {2013-06-17 12:53:37 +0000},
	Date-Modified = {2013-06-17 12:53:37 +0000},
	Doi = {10.1140/epjc/s10052-008-0798-9},
	Eprint = {0803.0883},
	Journal = {Eur.Phys.J.},
	Pages = {639-707},
	Primaryclass = {hep-ph},
	Reportnumber = {CERN-PH-TH-2008-038, CAVENDISH-HEP-08-03, KA-TP-05-2008, DCPT-08-22, IPPP-08-11, CP3-08-05},
	Slaccitation = {%%CITATION = ARXIV:0803.0883;%%},
	Title = {{Herwig++ Physics and Manual}},
	Volume = {C58},
	Year = {2008},
	Bdsk-Url-1 = {http://dx.doi.org/10.1140/epjc/s10052-008-0798-9}}

@article{Arnold:2012fq,
	Archiveprefix = {arXiv},
	Author = {Arnold, K. and d'Errico, L. and Gieseke, S. and Grellscheid, D. and Hamilton, K. and others},
	Date-Added = {2013-06-17 12:55:22 +0000},
	Date-Modified = {2013-06-17 12:55:22 +0000},
	Eprint = {1205.4902},
	Primaryclass = {hep-ph},
	Reportnumber = {IPPP-12-33, MCNET-12-05, CERN-PH-TH-2012-142, DCPT-12-66, DESY-12-076, KA-TP-20-2012, ZU-TH-06-12},
	Slaccitation = {%%CITATION = ARXIV:1205.4902;%%},
	Title = {{Herwig++ 2.6 Release Note}},
	Year = {2012},
	Bdsk-File-1 = {YnBsaXN0MDDUAQIDBAUGJCVYJHZlcnNpb25YJG9iamVjdHNZJGFyY2hpdmVyVCR0b3ASAAGGoKgHCBMUFRYaIVUkbnVsbNMJCgsMDxJXTlMua2V5c1pOUy5vYmplY3RzViRjbGFzc6INDoACgAOiEBGABIAFgAdccmVsYXRpdmVQYXRoWWFsaWFzRGF0YV8QIS4uL0RvY3VtZW50cy9QYXBlcnMvMTIwNS40OTAyLnBkZtIXCxgZV05TLmRhdGFPEQGGAAAAAAGGAAIAAAxNYWNpbnRvc2ggSEQAAAAAAAAAAAAAAAAAAADMBq8USCsAAAAOCHsNMTIwNS40OTAyLnBkZgAAAAAAAAAAAAAAAAAAAAAAAAAAAAAAAAAAAAAAAAAAAAAAAAAAAAAAAAAAAAAAAAAAAh9cPc3k0+hQREYgQ0FSTwABAAMAAAkgAAAAAAAAAAAAAAAAAAAABlBhcGVycwAQAAgAAMwGkvQAAAARAAgAAM3kt8gAAAABABAADgh7AA4DigAKY3AAALlTAAIAOk1hY2ludG9zaCBIRDpVc2VyczoAanVuZzoARG9jdW1lbnRzOgBQYXBlcnM6ADEyMDUuNDkwMi5wZGYADgAcAA0AMQAyADAANQAuADQAOQAwADIALgBwAGQAZgAPABoADABNAGEAYwBpAG4AdABvAHMAaAAgAEgARAASAClVc2Vycy9qdW5nL0RvY3VtZW50cy9QYXBlcnMvMTIwNS40OTAyLnBkZgAAEwABLwAAFQACAAv//wAAgAbSGxwdHlokY2xhc3NuYW1lWCRjbGFzc2VzXU5TTXV0YWJsZURhdGGjHR8gVk5TRGF0YVhOU09iamVjdNIbHCIjXE5TRGljdGlvbmFyeaIiIF8QD05TS2V5ZWRBcmNoaXZlctEmJ1Ryb290gAEACAARABoAIwAtADIANwBAAEYATQBVAGAAZwBqAGwAbgBxAHMAdQB3AIQAjgCyALcAvwJJAksCUAJbAmQCcgJ2An0ChgKLApgCmwKtArACtQAAAAAAAAIBAAAAAAAAACgAAAAAAAAAAAAAAAAAAAK3}}
	

@article{Gieseke:2012ft,
	Archiveprefix = {arXiv},
	Author = {Gieseke, Stefan and Rohr, Christian and Siodmok, Andrzej},
	Date-Added = {2013-06-17 12:54:22 +0000},
	Date-Modified = {2013-06-17 12:54:22 +0000},
	Doi = {10.1140/epjc/s10052-012-2225-5},
	Eprint = {1206.0041},
	Journal = {Eur.Phys.J.},
	Pages = {2225},
	Primaryclass = {hep-ph},
	Reportnumber = {MCNET-12-06, KA-TP-17-2012, MAN-HEP-2012-03},
	Slaccitation = {%%CITATION = ARXIV:1206.0041;%%},
	Title = {{Colour reconnections in Herwig++}},
	Volume = {C72},
	Year = {2012},
	Bdsk-Url-1 = {http://dx.doi.org/10.1140/epjc/s10052-012-2225-5},
	Bdsk-File-1 = {YnBsaXN0MDDUAQIDBAUGJCVYJHZlcnNpb25YJG9iamVjdHNZJGFyY2hpdmVyVCR0b3ASAAGGoKgHCBMUFRYaIVUkbnVsbNMJCgsMDxJXTlMua2V5c1pOUy5vYmplY3RzViRjbGFzc6INDoACgAOiEBGABIAFgAdccmVsYXRpdmVQYXRoWWFsaWFzRGF0YV8QNi4uL0RvY3VtZW50cy9QYXBlcnMvMTAuMTE0MC1lcGpjLXMxMDA1Mi0wMTItMjIyNS01LnBkZtIXCxgZV05TLmRhdGFPEQHWAAAAAAHWAAIAAAxNYWNpbnRvc2ggSEQAAAAAAAAAAAAAAAAAAADMBq8USCsAAAAOCHsfMTAuMTE0MC1lcGpjLXMxMDA1MiMyMUY1QzA1LnBkZgAAAAAAAAAAAAAAAAAAAAAAAAAAAAAAAAAAAAAAAAAAAh9cBc3k07FQREYgQ0FSTwABAAMAAAkgAAAAAAAAAAAAAAAAAAAABlBhcGVycwAQAAgAAMwGkvQAAAARAAgAAM3kt5EAAAABABAADgh7AA4DigAKY3AAALlTAAIATE1hY2ludG9zaCBIRDpVc2VyczoAanVuZzoARG9jdW1lbnRzOgBQYXBlcnM6ADEwLjExNDAtZXBqYy1zMTAwNTIjMjFGNUMwNS5wZGYADgBGACIAMQAwAC4AMQAxADQAMAAtAGUAcABqAGMALQBzADEAMAAwADUAMgAtADAAMQAyAC0AMgAyADIANQAtADUALgBwAGQAZgAPABoADABNAGEAYwBpAG4AdABvAHMAaAAgAEgARAASAD5Vc2Vycy9qdW5nL0RvY3VtZW50cy9QYXBlcnMvMTAuMTE0MC1lcGpjLXMxMDA1Mi0wMTItMjIyNS01LnBkZgATAAEvAAAVAAIAC///AACABtIbHB0eWiRjbGFzc25hbWVYJGNsYXNzZXNdTlNNdXRhYmxlRGF0YaMdHyBWTlNEYXRhWE5TT2JqZWN00hscIiNcTlNEaWN0aW9uYXJ5oiIgXxAPTlNLZXllZEFyY2hpdmVy0SYnVHJvb3SAAQAIABEAGgAjAC0AMgA3AEAARgBNAFUAYABnAGoAbABuAHEAcwB1AHcAhACOAMcAzADUAq4CsAK1AsACyQLXAtsC4gLrAvAC/QMAAxIDFQMaAAAAAAAAAgEAAAAAAAAAKAAAAAAAAAAAAAAAAAAAAxw=}}

@article{Sjostrand:2007gs,
	Archiveprefix = {arXiv},
	Author = {Sjostrand, Torbjorn and Mrenna, Stephen and Skands, Peter Z.},
	Date-Added = {2013-06-17 13:02:39 +0000},
	Date-Modified = {2013-06-17 13:02:39 +0000},
	Doi = {10.1016/j.cpc.2008.01.036},
	Eprint = {0710.3820},
	Journal = {Comput.Phys.Commun.},
	Pages = {852-867},
	Primaryclass = {hep-ph},
	Reportnumber = {CERN-LCGAPP-2007-04, LU-TP-07-28, FERMILAB-PUB-07-512-CD-T},
	Slaccitation = {%%CITATION = ARXIV:0710.3820;%%},
	Title = {{A Brief Introduction to PYTHIA 8.1}},
	Volume = {178},
	Year = {2008},
	Bdsk-Url-1 = {http://dx.doi.org/10.1016/j.cpc.2008.01.036}}

@article{Khoze:2010by,
	Archiveprefix = {arXiv},
	Author = {Khoze, V.A. and Krauss, F. and Martin, A.D. and Ryskin, M.G. and Zapp, K.C.},
	Date-Added = {2013-06-17 13:05:00 +0000},
	Date-Modified = {2013-06-17 13:05:00 +0000},
	Doi = {10.1140/epjc/s10052-010-1392-5},
	Eprint = {1005.4839},
	Journal = {Eur.Phys.J.},
	Pages = {85-93},
	Primaryclass = {hep-ph},
	Reportnumber = {IPPP-10-38, DCPT-10-76, MCNET-10-10},
	Slaccitation = {%%CITATION = ARXIV:1005.4839;%%},
	Title = {{Diffraction and correlations at the LHC: Definitions and observables}},
	Volume = {C69},
	Year = {2010},
	Bdsk-Url-1 = {http://dx.doi.org/10.1140/epjc/s10052-010-1392-5}}

@article{Gleisberg:2008ta2222,
	Archiveprefix = {arXiv},
	Author = {Gleisberg, T. and Hoeche, Stefan. and Krauss, F. and Schonherr, M. and Schumann, S. and others},
	Date-Added = {2013-06-17 13:03:44 +0000},
	Date-Modified = {2013-06-17 13:03:44 +0000},
	Doi = {10.1088/1126-6708/2009/02/007},
	Eprint = {0811.4622},
	Journal = {JHEP},
	Pages = {007},
	Primaryclass = {hep-ph},
	Reportnumber = {FERMILAB-PUB-08-477-T, SLAC-PUB-13420, ZU-TH-17-08, DCPT-08-138, IPPP-08-69, EDINBURGH-2008-30, MCNET-08-14},
	Slaccitation = {%%CITATION = ARXIV:0811.4622;%%},
	Title = {{Event generation with SHERPA 1.1}},
	Volume = {0902},
	Year = {2009},
	Bdsk-Url-1 = {http://dx.doi.org/10.1088/1126-6708/2009/02/007},
	Bdsk-File-1 = {YnBsaXN0MDDUAQIDBAUGJCVYJHZlcnNpb25YJG9iamVjdHNZJGFyY2hpdmVyVCR0b3ASAAGGoKgHCBMUFRYaIVUkbnVsbNMJCgsMDxJXTlMua2V5c1pOUy5vYmplY3RzViRjbGFzc6INDoACgAOiEBGABIAFgAdccmVsYXRpdmVQYXRoWWFsaWFzRGF0YV8QLS4uL0RvY3VtZW50cy9QYXBlcnMvMTEyNi02NzA4XzIwMDlfMDJfMDA3LnBkZtIXCxgZV05TLmRhdGFPEQG2AAAAAAG2AAIAAAxNYWNpbnRvc2ggSEQAAAAAAAAAAAAAAAAAAADMBq8USCsAAAAOCHsZMTEyNi02NzA4XzIwMDlfMDJfMDA3LnBkZgAAAAAAAAAAAAAAAAAAAAAAAAAAAAAAAAAAAAAAAAAAAAAAAAAAAh9hm83k1elQREYgQ0FSTwABAAMAAAkgAAAAAAAAAAAAAAAAAAAABlBhcGVycwAQAAgAAMwGkvQAAAARAAgAAM3kuckAAAABABAADgh7AA4DigAKY3AAALlTAAIARk1hY2ludG9zaCBIRDpVc2VyczoAanVuZzoARG9jdW1lbnRzOgBQYXBlcnM6ADExMjYtNjcwOF8yMDA5XzAyXzAwNy5wZGYADgA0ABkAMQAxADIANgAtADYANwAwADgAXwAyADAAMAA5AF8AMAAyAF8AMAAwADcALgBwAGQAZgAPABoADABNAGEAYwBpAG4AdABvAHMAaAAgAEgARAASADVVc2Vycy9qdW5nL0RvY3VtZW50cy9QYXBlcnMvMTEyNi02NzA4XzIwMDlfMDJfMDA3LnBkZgAAEwABLwAAFQACAAv//wAAgAbSGxwdHlokY2xhc3NuYW1lWCRjbGFzc2VzXU5TTXV0YWJsZURhdGGjHR8gVk5TRGF0YVhOU09iamVjdNIbHCIjXE5TRGljdGlvbmFyeaIiIF8QD05TS2V5ZWRBcmNoaXZlctEmJ1Ryb290gAEACAARABoAIwAtADIANwBAAEYATQBVAGAAZwBqAGwAbgBxAHMAdQB3AIQAjgC+AMMAywKFAocCjAKXAqACrgKyArkCwgLHAtQC1wLpAuwC8QAAAAAAAAIBAAAAAAAAACgAAAAAAAAAAAAAAAAAAALz}}
	
@article{Antchev:2013gaa,
      author         = "Antchev, G. and others",
      title          = "{Measurement of proton-proton elastic scattering and
                        total cross-section at S**(1/2) = 7-TeV}",
      collaboration  = "TOTEM Collaboration",
      journal        = "Europhys.Lett.",
      volume         = "101",
      pages          = "21002",
      doi            = "10.1209/0295-5075/101/21002",
      year           = "2013",
      SLACcitation   = "%%CITATION = EULEE,101,21002;%%",
}
@article{Antchev:2013iaa,
      author         = "Antchev, G. and others",
      title          = "{Luminosity-independent measurements of total, elastic
                        and inelastic cross-sections at S**(1/2) = 7-TeV}",
      collaboration  = "TOTEM Collaboration",
      journal        = "Europhys.Lett.",
      volume         = "101",
      pages          = "21004",
      doi            = "10.1209/0295-5075/101/21004",
      year           = "2013",
      SLACcitation   = "%%CITATION = EULEE,101,21004;%%",
}
@article{Cudell:2002xe,
      author         = "Cudell, J.R. and others",
      title          = "{Benchmarks for the forward observables at RHIC, the
                        Tevatron Run II and the LHC}",
      collaboration  = "COMPETE Collaboration",
      journal        = "Phys.Rev.Lett.",
      volume         = "89",
      pages          = "201801",
      doi            = "10.1103/PhysRevLett.89.201801",
      year           = "2002",
      eprint         = "hep-ph/0206172",
      archivePrefix  = "arXiv",
      primaryClass   = "hep-ph",
      SLACcitation   = "%%CITATION = HEP-PH/0206172;%%",
}
@techreport{Antchev:1495764,
      author       = "Antchev, G and Aspell, P. and Atanassov, I. and Avati, V.
                      and Baechler, J. and Berardi, V. and Berretti, M and
                      Bossini, E and Bozzo, M and Brogi, P and Brucken, E and
                      Buzzo, A and Cafagna, F S and Calicchio, M and Catanesi, M G
                      and Covault, C and Csanad, M and Csorgo, T and Deile, M and
                      Eggert, K and Eremin, V and Ferretti, R and Ferro, F and
                      Fiergolski, A and Garcia, F and Giani, S and Greco, V and
                      Grzanka, L and Heino, J and Hilden, T and Intonti, R A and
                      Kavspar, J and Kopal, J and Kundrat, V and Kurvinen, K and
                      Lami, S and Latino, G and Lauhakangas, R and Leszko, T and
                      Lippmaa, E and Lokajivcek, M and Lo Vetere, M and
                      Lucas-Rodriguez, F and Macri, M. and Maki, T and Mercadante,
                      A and Minafra, N and Minutoli, S and Nemes, F and
                      Niewiadomski, H and Oliveri, E and Oljemark, F and Orava, R
                      and Oriunno, M and Osterberg, K and Palazzi, P and
                      Prochazka, J and Quinto, M and Radermacher, E and Radicioni,
                      E and Ravotti, F and Robutti, E and Ropelewski, L and
                      Ruggiero, G and Saarikko, H and Santroni, A and Scribano, A
                      and Smajek, J and Snoeys, W and Sziklai, J and Taylor, C and
                      Turini, N and Vacek, V and Vitek, M and Welti, J and
                      Whitmore, J and Wyszkowski, P",
      title        = "A luminosity-independent measurement of the proton-proton
                      total cross-section at $\sqrt{s}$ = 8 TeV",
      institution  = "CERN",
      address      = "Geneva",
      number       = "TOTEM-2012-005. CERN-PH-EP-2012-354",
      month        = "Nov",
      year         = "2012",
}
@article{RENORM,
      author         = "K. Goulianos",
      title          = "{Hadronic diffraction: Where do we stand?}",
      pages          = "251-274",
      year           = "2004",
      eprint         = "hep-ph/0407035",
      archivePrefix  = "arXiv",
      primaryClass   = "hep-ph",
      SLACcitation   = "%%CITATION = HEP-PH/0407035;%%",
}
@article{MBR_note,
      author         = "Ciesielski, R. and Goulianos, K.",
      title          = "{MBR Monte Carlo Simulation in PYTHIA8}",
      year           = "2012",
      eprint         = "1205.1446",
      archivePrefix  = "arXiv",
      primaryClass   = "hep-ph",
      SLACcitation   = "%%CITATION = ARXIV:1205.1446;%%",
}

@inproceedings{EDS2009_total,
	Archiveprefix = {arXiv},
	Author = {K. Goulianos},
	Booktitle = {{Elastic and Diffractive Scattering. Proceedings, 13th International Conference, Blois Workshop, CERN, Geneva, Switzerland, June 29-July 3, 2009}},
	Date-Added = {2013-06-26 04:50:36 +0000},
	Date-Modified = {2013-06-26 04:51:34 +0000},
	Editor = {Deile, Mario},
	Eprint = {1002.3527},
	Primaryclass = {hep-ph},
	Reportnumber = {CERN-PROCEEDINGS-2010-002, ISBN-9789290833420},
	Slaccitation = {%%CITATION = ARXIV:1002.3527;%%},
	Title = {Diffractive and total $pp$ cross sections at {\sc lhc}},
	Year = {2010}}
@article{Goulianos:1987ec,
      author         = "K. Goulianos",
      title          = "{A new statistical description of hadronic and $e^+e^-$ multiplicity distributions}",
      journal        = "Phys.Lett.",
      volume         = "B193",
      pages          = "151",
      doi            = "10.1016/0370-2693(87)90474-6",
      year           = "1987",
      reportNumber   = "RU 87/E-1, C87/01/04, C87/03/01",
      SLACcitation   = "%%CITATION = PHLTA,B193,151;%%",
}
@article{Baranov:2012re,
      author         = "Baranov, S.P. and Snigirev, A.M. and Zotov, N.P. and
                        Szczurek, A. and Schafer, W.",
      title          = "{Interparticle correlations in the production of $J/\psi$
                        pairs in proton-proton collisions}",
      journal        = "Phys.Rev.",
      volume         = "D87",
      pages          = "034035",
      year           = "2013",
      eprint         = "1210.1806",
      archivePrefix  = "arXiv",
      primaryClass   = "hep-ph",
      reportNumber   = "DESY-12-183",
      SLACcitation   = "%%CITATION = ARXIV:1210.1806;%%",
}

@article{Baranov:2011ch,
      author         = "Baranov, S.P. and Snigirev, A.M. and Zotov, N.P.",
      title          = "{Double heavy meson production through double parton
                        scattering in hadronic collisions}",
      journal        = "Phys.Lett.",
      volume         = "B705",
      pages          = "116-119",
      doi            = "10.1016/j.physletb.2011.09.106",
      year           = "2011",
      eprint         = "1105.6276",
      archivePrefix  = "arXiv",
      primaryClass   = "hep-ph",
      SLACcitation   = "%%CITATION = ARXIV:1105.6276;%%",
}
